
@string{tcs = "Theoretical Computer Science"}


@inproceedings{ danvy90abstracting,
    author = "O. Danvy and A. Filinski",
    title = "Abstracting Control",
    booktitle = "Proceedings of the 1990 {ACM} Conference on {LISP} and Functional Programming, Nice",
    publisher = "ACM",
    address = "New York, NY",
    pages = "151--160",
    year = "1990",
    url = "citeseer.ist.psu.edu/danvy90abstracting.html" }

@inproceedings{ sitaram93handling,
    author = "Dorai Sitaram",
    title = "Handling Control",
    booktitle = "{SIGPLAN} Conference on Programming Language Design and Implementation",
    pages = "147-155",
    year = "1993",
    url = "citeseer.ist.psu.edu/sitaram93handling.html" }

@article{sitaram90control,
 author = {Dorai Sitaram and Matthias Felleisen},
 title = {Control delimiters and their hierarchies},
 journal = {Lisp Symb. Comput.},
 volume = {3},
 number = {1},
 year = {1990},
 issn = {0892-4635},
 pages = {67--99},
 publisher = {Kluwer Academic Publishers},
 }

@inproceedings{ queinnec91dynamic,
    author = "Christian Queinnec and Bernard Serpette",
    title = "A Dynamic Extent Control Operator for Partial Continuations",
    booktitle = "Conference Record of the Eighteenth Annual {ACM} Symposium on Principles of Programming Languages",
    address = "Orlando, Florida",
    pages = "174--184",
    year = "1991",
    url = "citeseer.ist.psu.edu/queinnec91dynamic.html" }

@inproceedings{hieb90continuations,
 author = {R. Hieb and R. Kent Dybvig},
 title = {Continuations and concurrency},
 booktitle = {Proceedings of the second ACM SIGPLAN symposium on Principles \& practice of parallel programming},
 year = {1990},
 isbn = {0-89791-350-7},
 pages = {128--136},
 location = {Seattle, Washington, United States},
 doi = {http://doi.acm.org/10.1145/99163.99178},
 publisher = {ACM Press},
 }

@phdthesis{ sitaram94thesis,
    author = "Dorai Sitaram",
    title = "Control Operators and their impact on programming language design",
    school = "Rice University",
    year = "1994"
}

@article{felleisen87syntactic,
 author = {M. Felleisen and D. P. Friedman and E. Kohlbecker and B. Duba},
 title = {A syntactic theory of sequential control},
 journal = {Theor. Comput. Sci.},
 volume = {52},
 number = {3},
 year = {1987},
 issn = {0304-3975},
 pages = {205--237},
 doi = {http://dx.doi.org/10.1016/0304-3975(87)90109-5},
 publisher = {Elsevier Science Publishers Ltd.},
 }

@article{ gdp:cbn-cbv, 
  author="Gordon D.~Plotkin",
  title="Call-by-name, call-by-value, and the $\lambda$-calculus",
  journal=tcs,
  year=1975,
  pages="125--159"
}
@inproceedings{62686,
 author = {Matthias Felleisen},
 title = {$\lambda$-v-{CS}: an extended $\lambda$-calculus for scheme},
 booktitle = {Proceedings of the 1988 ACM conference on LISP and functional programming},
 year = {1988},
 isbn = {0-89791-273-X},
 pages = {72--85},
 location = {Snowbird, Utah, United States},
 doi = {http://0-doi.acm.org.ilsprod.lib.neu.edu:80/10.1145/62678.62686},
 publisher = {ACM Press},
 }

@inproceedings{mf-prompts,
 author = {M. Felleisen},
 title = {The theory and practice of first-class prompts},
 booktitle = {Proceedings of the 15th ACM SIGPLAN-SIGACT symposium on Principles of programming languages},
 year = {1988},
 isbn = {0-89791-252-7},
 pages = {180--190},
 location = {San Diego, California, United States},
 doi = {http://doi.acm.org/10.1145/73560.73576},
 publisher = {ACM Press},
 }

@inproceedings{581504,
 author = {Martin Gasbichler and Michael Sperber},
 title = {Final shift for {\tt call/cc}: direct implementation of {\tt shift} and {\tt reset}},
 booktitle = {Proceedings of the seventh ACM SIGPLAN international conference on Functional programming},
 year = {2002},
 isbn = {1-58113-487-8},
 pages = {271--282},
 location = {Pittsburgh, PA, USA},
 doi = {http://doi.acm.org/10.1145/581478.581504},
 publisher = {ACM Press},
 }

@inproceedings{monads,
 author = {Andrzej Filinski},
 title = {Representing monads},
 booktitle = {Proceedings of the 21st ACM SIGPLAN-SIGACT symposium on Principles of programming languages},
 year = {1994},
 isbn = {0-89791-636-0},
 pages = {446--457},
 location = {Portland, Oregon, United States},
 doi = {http://doi.acm.org/10.1145/174675.178047},
 publisher = {ACM Press},
 }

@article{ queinnec93library,
    author = "Christian Queinnec",
    title = "A Library of high-level control operators",
    volume = "6",
    number = "4",
    pages = "11--26",
    year = "1993",
    url = "citeseer.ist.psu.edu/queinnec93library.html" }


@inproceedings{ luc94partial,
    author = "Moreau, Luc and Queinnec, Christian",
    title = "{P}artial {C}ontinuations as the {D}ifference of {C}ontinuations: {A} {D}uumvi",
    booktitle = "{PLILP}",
    month = "September",
    publisher = "Springer-Verlag, LNCS 844",
    editor = "Hermenegildo, Manuel and Penjam, Jaan",
    pages = "182--197",
    year = "1994",
    url = "citeseer.ist.psu.edu/moreau94partial.html" }

@article{ felleisen86secd,
    author = "Matthias Felleisen and Daniel P. Friedman",
title = "Control operators, the {SECD}-machine and the $\lambda$-calculus",
booktitle = "Formal Description of Programming Language Concepts III",
pages = "193--217",
publisher = "North-Holland Pub. Co."
}
